<?xml version="1.0" encoding="UTF-8"?><collection xmlns="http://www.loc.gov/MARC21/slim"><record><leader>00537nam--2200181-i-4500</leader><controlfield tag="001">000001965</controlfield><controlfield tag="002">20161230</controlfield><controlfield tag="005">20161230201024</controlfield><controlfield tag="008">060222s1000------------r-----000-0-fre-d</controlfield><datafield ind1=" " ind2=" " tag="040"><subfield code="a">IFIN-HH</subfield></datafield><datafield ind1=" " ind2=" " tag="041"><subfield code="a">fre</subfield></datafield><datafield ind1="1" ind2=" " tag="100"><subfield code="a">Freymann, R</subfield></datafield><datafield ind1="1" ind2="0" tag="245"><subfield code="a">La spectroscopie hertzienne appliquee a la chimie</subfield><subfield code="b">Absorption dipolaire - rotation moleculaire - resonances magnetiques</subfield><subfield code="c">R. freymann; m. soutif</subfield></datafield><datafield ind1=" " ind2=" " tag="260"><subfield code="a">Paris</subfield><subfield code="b">Dunod</subfield><subfield code="c">1960</subfield></datafield><datafield ind1=" " ind2=" " tag="300"><subfield code="a">XI + 263 P</subfield></datafield><datafield ind1="1" ind2=" " tag="700"><subfield code="a">Soutif, M</subfield></datafield><datafield ind1=" " ind2=" " tag="852"><subfield code="a">10049</subfield><subfield code="c">535.33</subfield></datafield><datafield ind1=" " ind2=" " tag="CAT"><subfield code="a">Sys</subfield><subfield code="c">20101130</subfield><subfield code="h">153538</subfield></datafield></record></collection>